% acmsmall-sam.bib



@article{knuth-01,
  author        = {Donald Knuth},
  title         = {The Errors of Tex},
  journal       = {Software---Practice \&Experience},
  volume        = 19,
  number        = "7",
  year          = {1989},
  pages         = "607--685"
}

@book{korn:handbook,
author = "Granino A. Korn and Theresa M. Korn",
title = "Mathematical Handbook for Scientists and Engineers",
publisher = "McGraw-Hill",
address = "New York, NY.",
year = 1968}

@book{bernstein:against,
author = "Peter L. Bernstein",
title = "Against the Gods: The Remarkable Story of Risk",
publisher = "John Wiley {and} Sons",
address = "New York, NY.",
year = 1996}

@article{DBLP:journals/corr/abs-cs-0610105,
  author    = {Arvind Narayanan and
               Vitaly Shmatikov},
  title     = {How To Break Anonymity of the Netflix Prize Dataset},
  journal   = {CoRR},
  volume    = {abs/cs/0610105},
  year      = {2006},
  ee        = {http://arxiv.org/abs/cs/0610105},
  bibsource = {DBLP, http://dblp.uni-trier.de}
}

@misc{Wired-01,
    key         = {Wired: Threat Level},
    author    = {Ryan Singel},
    title       = {Netflix Spilled Your Brokeback Mountain Secret, Lawsuit Claims},
    note        = {http://www.wired.com/threatlevel/2009/12/netflix-privacy-lawsuit/},
    year        = 2009
}

@misc{netflix-01,
    key         = {Netflix Dataset},
    title       = {Netflix Dataset},
    note  = {http://www.lifecrunch.biz/archives/207},
    year	= 2006
}

@misc{igvita-01,
    key         = {igvita.com},
    author    = {Ilya Grigorik},
    title       = {Loading Netflix Dataset into SQL},
    note        = {http://www.igvita.com/2006/12/01/loading-netflix-dataset-into-sql/},
    year        = 2006
}

